<?xml version="1.0" encoding="UTF-8"?><record xmlns="http://www.loc.gov/MARC21/slim" xmlns:cinclude="http://apache.org/cocoon/include/1.0" xmlns:zs="http://www.loc.gov/zing/srw/">
  <leader>00483nz  a2200133n  4500</leader>
  <controlfield tag="001">n  84101987 </controlfield>
  <controlfield tag="003">DLC</controlfield>
  <controlfield tag="005">19840831000000.0</controlfield>
  <controlfield tag="008">840802n| acannaab|          |n aaa |||  </controlfield>
  <datafield tag="010" ind1=" " ind2=" ">
    <subfield code="a">n  84101987 </subfield>
  </datafield>
  <datafield tag="040" ind1=" " ind2=" ">
    <subfield code="a">DNLM</subfield>
    <subfield code="c">DLC</subfield>
  </datafield>
  <datafield tag="100" ind1="1" ind2="0">
    <subfield code="a">Krome, Ronald L.,</subfield>
    <subfield code="d">1936-</subfield>
  </datafield>
  <datafield tag="670" ind1=" " ind2=" ">
    <subfield code="a">Emergency medicine, c1985:</subfield>
    <subfield code="b">CIP t.p. (Ronald L. Krome, M.D.; prof. of surgery; chief, Sect. of Emergency Medicine, Wayne State Univ. School of Medicine)</subfield>
  </datafield>
  <datafield tag="670" ind1=" " ind2=" ">
    <subfield code="a">NLM files, 7/25/84</subfield>
    <subfield code="b">(hdg.: Krome, Ronald L., 1936- )</subfield>
  </datafield>
</record>